<?xml version="1.0" encoding="UTF-8"?><collection xmlns="http://www.loc.gov/MARC21/slim"><record><leader>00547nam--2200181-i-4500</leader><controlfield tag="001">000045285</controlfield><controlfield tag="002">20161230</controlfield><controlfield tag="005">20161230201045</controlfield><controlfield tag="008">060222s1000------------r-----000-0-eng-d</controlfield><datafield ind1=" " ind2=" " tag="040"><subfield code="a">IFIN-HH</subfield></datafield><datafield ind1=" " ind2=" " tag="080"><subfield code="a">537.533.35:621.385.833</subfield></datafield><datafield ind1="1" ind2=" " tag="100"><subfield code="a">Ross, R</subfield></datafield><datafield ind1="1" ind2="0" tag="245"><subfield code="a">The proceedings of the third international conference on electron microscopy, london 1954</subfield><subfield code="c">R. ross (general editor)</subfield></datafield><datafield ind1=" " ind2=" " tag="260"><subfield code="a">London</subfield><subfield code="b">Royal Microscopical Society</subfield><subfield code="c">1956</subfield></datafield><datafield ind1=" " ind2=" " tag="300"><subfield code="a">705P</subfield></datafield><datafield ind1=" " ind2=" " tag="490"><subfield code="a">Proceedings</subfield></datafield><datafield ind1=" " ind2=" " tag="852"><subfield code="a">13191</subfield><subfield code="c">537.533.35</subfield></datafield><datafield ind1=" " ind2=" " tag="CAT"><subfield code="a">Sys</subfield><subfield code="c">20110902</subfield><subfield code="h">100217</subfield></datafield></record></collection>